@article{loadcell_temperature,
    author =       "Gavin Mattingly, Jim Garner, Michael Whitaker",
    title =        "Observed Temperature Effects on Load Cells",
    year =         "2016",
    DOI =          "https://www.osti.gov/servlets/purl/1479805#:~:text=Load%20cells%20can%20exhibit%20a,C%20to%2040%20%C2%B0C."
}

@article{wood_deformation,
    author =      "Richard C. Weatherwax, Alfred J. Stamm",
    title =       "The Coefficients of Thermal Expansion of Wood and Wood Products",
    month =       "March",
    year =        "1956",
    DOI =         "https://ir.library.oregonstate.edu/downloads/2v23vz40g"
}

@manual{espressif_esp32,
  author       = {Espressif Systems},
  title        = {ESP32 Series Datasheet},
  year         = 2023,
}